@book{bilbao2009Ch5,
author={Stefan Bilbao},
year={2009},
title={Numerical Sound Synthesis},
address={United Kingdom},
publisher={John Wiley \& Sons},
chapter = {5},
pages = {93--116}
}

@book{bilbao2009Ch6,
author={Stefan Bilbao},
year={2009},
title={Numerical Sound Synthesis},
address={United Kingdom},
publisher={John Wiley \& Sons},
chapter = {6},
pages = {117--162}
}

@book{bilbao2009,
author={Stefan Bilbao},
year={2009},
title={Numerical Sound Synthesis},
address={United Kingdom},
publisher={John Wiley \& Sons}
}

@book{Strikwerda1989,
author={John Strikwerda},
year={1989},
title={Finite Difference Schemes and Partial Differential Equations},
address={Pacific Grove, California},
publisher={Wadsworth \& Brooks/Cole Advanced Books \& Software}

}